<record><leader>00000cas a22000007a 4500</leader><controlfield tag="001">21370639</controlfield><controlfield tag="008">900413c19749999mouwr ne      0    0eng d</controlfield><datafield ind1=" " ind2=" " tag="010"><subfield code="a">sn 90061429 </subfield></datafield><datafield ind1=" " ind2=" " tag="040"><subfield code="a">MQN</subfield><subfield code="b">eng</subfield><subfield code="c">MQN</subfield><subfield code="d">OCLCQ</subfield></datafield><datafield ind1=" " ind2=" " tag="042"><subfield code="a">msc</subfield></datafield><datafield ind1="0" ind2=" " tag="130"><subfield code="a">Times observer (Oregon, Mo.)</subfield></datafield><datafield ind1="1" ind2="4" tag="245"><subfield code="a">The times observer.</subfield></datafield><datafield ind1=" " ind2=" " tag="260"><subfield code="a">Oregon, Holt County, Mo. :</subfield><subfield code="b">John S. Costello,</subfield><subfield code="c">1974-</subfield></datafield><datafield ind1=" " ind2=" " tag="300"><subfield code="a">v.</subfield></datafield><datafield ind1=" " ind2=" " tag="310"><subfield code="a">Weekly</subfield></datafield><datafield ind1="0" ind2=" " tag="362"><subfield code="a">Vol. 1, no. 1 (Jan. 31, 1974)-</subfield></datafield><datafield ind1=" " ind2=" " tag="752"><subfield code="a">United States</subfield><subfield code="b">Missouri</subfield><subfield code="c">Holt</subfield><subfield code="d">Oregon.</subfield></datafield></record>